@article{aorduna2016revolucion,
  title={La revoluci{\'o}n Google Scholar: Destapando la caja de Pandora acad{\'e}mica},
  author={Ordu{\~n}a-Malea, Enrique},
  journal={La revoluci{\'o}n google scholar},
  pages={1--268},
  year={2016},
  publisher={Universidad de Granada}
}

@article{jacso2005google,
  title={Google Scholar: the pros and the cons},
  author={Jacs{\'o}, P{\'e}ter},
  journal={Online information review},
  year={2005},
  publisher={Emerald Group Publishing Limited}
}

@article{MLOpsKeepCoding,
  title           = {¿Qué es MLOps? [Guía completa]},
  author          = {Redacción KeepCoding},
  year            = {2022}
}


@misc{ptal, 
  title = {Kobe-scheduling/data/FJSSP at master · ptal/kobe-scheduling}, 
  url={https://github.com/ptal/kobe-scheduling/tree/master/data/fjssp}, 
  journal={GitHub}, 
  author={Ptal}
} 
